@book{APA:83,
    author  = {{American Psychological Association}},
    title   = {Publications Manual},
    year    = "1983",
   publisher = {American Psychological Association},
   address = {Washington, DC}
}

@misc{SP-PD,
    author    = {S\&P Global},
    title     = {Probability of Default and Scoring Models: Similarities and Differences},
    year      = "2021",
    url       = "https://www.spglobal.com/market-intelligence/en/news-insights/research/probability-of-default-and-scoring-models-similarities-and-differences"
}

@misc{SP-PD-methodology,
  author = {Alma Chen, Giorgio Baldassarri},
  title = {PD MODEL FUNDAMENTALS: BANKS - A Pioneer Model for Assessing Bank Creditworthiness},
  year = {2015},
  url = {https://www.spglobal.com/marketintelligence/en/documents/pd-model-fundamentals-banks-a-pioneer-model-for-assessing-bank-creditworthiness.pdf}
}

@misc{Fitch-PD-methodology,
  author = {Fitch Ratings},
  title = {Fitch Portfolio Credit Model},
  year = {2013},
  url = {https://www.fitchratings.com/fitch-portfolio-credit-model},
}

@misc{Moodys-PD-methodology,
  author = {Moody's},
  title = {Features of a lifetime PD model: Evidence from public, private, and rated firms},
  year = {2018},
  url = {https://www.moodys.com/web/en/us/insights/credit-risk/features-of-a-lifetime-pd-model.html},
}